@misc{schwaber2020scrum,
  title = {The Scrum Guide: The Definitive Guide to Scrum},
  author = {Ken Schwaber and Jeff Sutherland},
  year = {2020},
  month = {November},
  url = {https://scrumguides.org/scrum-guide.html},
  note = {Guide officiel de Scrum - Version 2020}
}

@misc{agilemanifesto2001,
  title = {Manifesto for Agile Software Development},
  author = {Kent Beck and Mike Beedle and Arie van Bennekum and others},
  year = {2001},
  month = {February},
  url = {https://agilemanifesto.org/},
  note = {Manifeste Agile - Document fondateur signé par 17 experts}
}

@book{sutherland2014scrum,
  title = {Scrum: The Art of Doing Twice the Work in Half the Time},
  author = {Jeff Sutherland},
  publisher = {Crown Business},
  year = {2014},
  isbn = {978-0385346450},
  note = {Introduction accessible à Scrum par son co-créateur}
}

@book{cohn2009succeeding,
  title = {Succeeding with Agile: Software Development Using Scrum},
  author = {Mike Cohn},
  publisher = {Addison-Wesley Professional},
  year = {2009},
  isbn = {978-0321579362},
  note = {Guide pratique pour l'implémentation de Scrum en entreprise}
}

@article{Standard_Bank_SAFe_Case,
  title = {Standard Bank SAFe Transformation: From 700 to 30 Days Time-to-Market},
  author = {Alex Keyter and Josef Langerman},
  journal = {Scaled Agile Case Studies},
  year = {2019},
  publisher = {Scaled Agile Inc.},
  note = {Cas d'étude bancaire - Transformation Agile à grande échelle}
}

@article{dikert2016challenges,
  title = {Challenges and success factors for large-scale agile transformations},
  author = {Kim Dikert and Maria Paasivaara and Casper Lassenius},
  journal = {Journal of Systems and Software},
  year = {2016},
  volume = {119},
  pages = {87--108},
  doi = {10.1016/j.jss.2016.06.013},
  note = {Revue systématique sur les transformations Agile à grande échelle}
}

@book{cockburn2001agile,
  title = {Agile Software Development},
  author = {Alistair Cockburn},
  publisher = {Addison-Wesley Professional},
  year = {2001},
  isbn = {978-0201699692},
  note = {Fondements méthodologiques du développement agile}
}
